@ONLINE{PDS_Classification,
author = {},
title = {A classification of computer-assisted plagiarism detection methods\\
https://en.wikipedia.org/wiki/Plagiarism detection
},
month = sep,
year = {2013},
url = {https://en.wikipedia.org/wiki/Plagiarism_detection}
}

@inproceedings{Abbasnejad2013,
  author = {Abbasnejad, E. and Sanner, S. and Bonilla, E. V. and Poupart, P.},
  title = {Learning Community-based Preferences via {Dirichlet} Process Mixtures of {Gaussian} Processes},
  booktitle = {Proceedings of the 23rd International Joint Conference on Artificial Intelligence (IJCAI-13)},
  year = {2013}
}

@incollection{GPLM,
  author = {Aiolli, Fabio},
  title = {A Preference Model for Structured Supervised Learning Tasks},
  booktitle = {Proceedings of the Fifth IEEE International Conference on Data Mining (ICDM-05)},
  publisher = {IEEE Computer Society},
  year = {2005},
  pages = {557--560}
}

@incollection{plbook:Aiolli,
  author = {Aiolli, Fabio and Sperduti, Alessandro},
  title = {A Preference Optimization based Unifying Framework for Supervised Learning Problems},
  booktitle = {Preference Learning},
  editor = {F{\"{u}}rnkranz, Johannes and H{\"{u}}llermeier, Eyke},
  publisher = {Springer-Verlag},
  year = {2010},
  pages = {19--42},
  url = {http://www.springer.com/978-3-642-14124-9},
  doi = {http://dx.doi.org/10.1007/978-3-642-14125-6}
}

@inproceedings{aprilsebag,
  author = {Akrour, Riad and Schoenauer, Marc and Sebag, Mich{\`{e}}le},
  title = {{APRIL}: Active Preference Learning-Based Reinforcement Learning},
  booktitle = {Proceedings of the European Conference on Machine Learning and Knowledge Discovery in Databases (ECML-PKDD-12)},
  publisher = {Springer-Verlag},
  year = {2012},
  pages = {116-131}
}

@inproceedings{ReducingMultiClass-1,
  author = {Allwein, Erin L. and Schapire, Robert E. and Singer, Yoram},
  title = {Reducing Multiclass to Binary: A Unifying Approach for Margin Classifiers},
  booktitle = {Proceedings of the 17th International Conference on Machine Learning (ICML-2000)},
  publisher = {Morgan Kaufmann},
  year = {2000},
  pages = {9--16}
}

@incollection{NetworkFailureExample,
  author = {Alonso, C. and Rodr{\'{\i}}guez, J. J. and Pulido, B.},
  title = {Enhancing Consistency-Based Diagnosis with Machine Learning Techniques},
  booktitle = {Current Topics in Artificial Intelligence},
  publisher = {Springer-Verlag},
  year = {2004},
  pages = {312--321}
}

@inproceedings{PairwiseSVM-ThreeWay-2,
  author = {Angulo, Cecilio and Catal{\`{a}}, Andreu},
  title = {{$K$-SVCR}. {A} Multi-class Support Vector Machine},
  booktitle = {Proceedings of the 11th European Conference on Machine Learning (ECML-2000)},
  editor = {L{\'{o}}pez de M{\'{a}}ntaras, Ramon and Plaza, E.},
  publisher = {Springer-Verlag},
  year = {2000},
  pages = {31--38}
}

@article{PairwiseSVM-ThreeWay,
  author = {Angulo, Cecilio and Parra, Xavier and Catal{\`{a}}, Andreu},
  title = {{$K$-SVCR}. {A} Support Vector Machine for Multi-Class Classification},
  journal = {Neurocomputing},
  year = {2003},
  volume = {55},
  number = {1--2},
  pages = {57--77}
}

@article{TriClassSVM,
  author = {Angulo, Cecilio and Ruiz, Francisco J. and Gonz{\'{a}}lez, Luis and Ortega, Juan Antonio},
  title = {Multi-Classification by Using Tri-Class {SVM}},
  journal = {Neural Processing Letters},
  year = {2006},
  volume = {23},
  number = {1},
  pages = {89--101}
}

@incollection{plbook:Arens,
  author = {Arens, Robert},
  title = {Learning {SVM} Ranking Functions from User Feedback Using Document Metadata and Active Learning in the Biomedical Domain},
  booktitle = {Preference Learning},
  editor = {F{\"{u}}rnkranz, Johannes and H{\"{u}}llermeier, Eyke},
  publisher = {Springer-Verlag},
  year = {2010},
  pages = {363--383},
  url = {http://www.springer.com/978-3-642-14124-9},
  doi = {http://dx.doi.org/10.1007/978-3-642-14125-6}
}

@article{DBLP:journals/ir/BaiWGCSQCW10,
  author = {Bai, Bing and Weston, Jason and Grangier, David and Collobert, Ronan and Sadamasa, Kunihiko and Qi, Yanjun and Chapelle, Olivier and Weinberger, Kilian Q.},
  title = {Learning to rank with (a lot of) word features},
  journal = {Inf. Retr.},
  year = {2010},
  volume = {13},
  number = {3},
  pages = {291-314},
  doi = {http://dx.doi.org/10.1007/s10791-009-9117-9}
}

@article{bhwk05,
  author = {Balasubramaniyan, Rajarajeswari and H{\"{u}}llermeier, Eyke and Weskamp, Nils and K{\"{a}}mper, J{\"{o}}rg},
  title = {Clustering of Gene Expression Data Using a Local Shape-Based Similarity Measure},
  journal = {Bioinformatics},
  year = {2005},
  volume = {21},
  number = {7},
  pages = {1069--1077}
}

@article{VotingSchemes,
  author = {Bartholdi, J. J. and Tovey, C. A. and Trick, M. A.},
  title = {Voting schemes for which it can be difficult to tell who won the election},
  journal = {Social Choice and Welfare},
  year = {1989},
  volume = {6},
  number = {2},
  pages = {157--165}
}

@incollection{plbook:Bellogin,
  author = {Bellog{\'{\i}}n, Alejandro and Cantador, Iv{\'{a}}n and Castells, Pablo and Ortigosa, {\'{A}}lvaro},
  title = {Discerning Relevant Model Features in a Content-based Collaborative Recommender System},
  booktitle = {Preference Learning},
  editor = {F{\"{u}}rnkranz, Johannes and H{\"{u}}llermeier, Eyke},
  publisher = {Springer-Verlag},
  year = {2010},
  pages = {429--455},
  url = {http://www.springer.com/978-3-642-14124-9},
  doi = {http://dx.doi.org/10.1007/978-3-642-14125-6}
}

@incollection{Reduction-PerformanceMetrics,
  author = {Beygelzimer, Alina and Langford, John and Zadrozny, Bianca},
  title = {Machine Learning Techniques---Reductions Between Prediction Quality Metrics},
  booktitle = {Performance Modeling and Engineering},
  editor = {Liu, Z. and Xia, C. H.},
  publisher = {Springer-Verlag},
  year = {2008},
  pages = {3--28},
  url = {http://hunch.net/~jl/projects/reductions/tutorial/paper/chapter.pdf}
}

@inproceedings{RankAggregation-Tennis,
  author = {Birlutiu, Adriana and Heskes, Tom},
  title = {Expectation Propagation for Rating Players in Sports Competitions},
  booktitle = {Proceedings of the 11th European Symposium on Principles of Knowledge Discovery in Databases (PKDD-07)},
  editor = {Kok, J. N. and Koronacki, J. and de M{\'{a}}ntaras, R. L{\'{o}}pez and Matwin, S. and Mladeni{\'{c}}, Dunja and Skowron, A.},
  publisher = {Springer-Verlag},
  year = {2007},
  pages = {374--381}
}

@article{Scene-Data,
  author = {Boutell, Matthew R. and Luo, Jiebo and Shen, Xipeng and Brown, C. M. Christopher M.},
  title = {Learning Multi-Label Scene Classification},
  journal = {Pattern Recognition},
  year = {2004},
  volume = {37},
  number = {9},
  pages = {1757--1771},
  url = {http://www.rose-hulman.edu/~boutell/publications/boutell04PRmultilabel.pdf}
}

@article{CP-nets,
  author = {Boutilier, Craig and Brafman, Ronen and Domshlak, Carmel and Hoos, Holger and Poole, David},
  title = {{CP-nets}: A Tool for Representing and Reasoning with Conditional Ceteris Paribus Preference Statements},
  journal = {Journal of Artificial Intelligence Research},
  year = {2004},
  volume = {21},
  pages = {135--191}
}

@inproceedings{Boutilier97aconstraint-based,
  author = {Boutilier, Craig and Brafman, Ronen and Geib, Chris and Poole, David},
  title = {A Constraint-Based Approach to Preference Elicitation and Decision Making},
  booktitle = {In AAAI Spring Symposium on Qualitative Decision Theory},
  year = {1997}
}

@article{NetFlow,
  author = {Bouyssou, Denis},
  title = {Ranking Methods Based on Valued Preference Relations: A Characterization of the Net Flow Method},
  journal = {European Journal of Operational Research},
  year = {1992},
  volume = {60},
  number = {1},
  pages = {61--67}
}

@article{BradleyTerry,
  author = {Bradley, Ralph A. and Terry, Milton E.},
  title = {The Rank Analysis of Incomplete Block Designs --- {I. The} Method of Paired Comparisons},
  journal = {Biometrika},
  year = {1952},
  volume = {39},
  pages = {324--345}
}

@inproceedings{Preferences-Planning,
  author = {Brafman, Ronen I.},
  title = {Preferences, Planning and Control},
  booktitle = {Proceedings of the 11th Conference on Principles of Knowledge Representation and Reasoning (KR-08)},
  editor = {Brewka, G. and Lang, J.},
  publisher = {AAAI Press},
  year = {2008},
  pages = {2--5}
}

@incollection{VotingProcedures,
  author = {Brams, S. and Fishburn, P.},
  title = {Voting Procedures},
  booktitle = {Handbook of Social Choice and Welfare (Vol. 1)},
  editor = {Arrow, K. J. and Sen, A. K. and Suzumura, K.},
  publisher = {Elsevier},
  year = {2002}
}

@mastersthesis{ba:Brinker,
  author = {Brinker, Christian},
  title = {Graded multilabel classification by pairwise comparison},
  school = {TU Darmstadt, Knowledge Engineering Group},
  year = {2013}
}

@inproceedings{Preferences-ActiveLearning,
  author = {Brinker, Klaus},
  title = {Active Learning of Label Ranking Functions},
  booktitle = {Proceedings of the 21st International Conference on Machine Learning (ICML-04)},
  year = {2004},
  pages = {129--136}
}

@inproceedings{LabelRanking-CaseBased,
  author = {Brinker, Klaus and H{\"{u}}llermeier, Eyke},
  title = {Case-Based Label Ranking},
  booktitle = {Proceedings of the 17th European Conference on Machine Learning (ECML-06)},
  editor = {F{\"{u}}rnkranz, Johannes and Scheffer, Tobias and Spiliopoulou, Myra},
  publisher = {Springer-Verlag},
  year = {2006},
  pages = {566--573}
}

@inproceedings{MultiLabelRanking-CaseBased,
  author = {Brinker, Klaus and H{\"{u}}llermeier, Eyke},
  title = {Case-Based Multilabel Ranking},
  booktitle = {Proceedings of the 20th International Joint Conference on Artificial Intelligence (IJCAI-07)},
  editor = {Veloso, Manuela M.},
  year = {2007},
  pages = {702--707}
}

@article{1314546,
  author = {Cardoso, Jaime S. and Pinto da Costa, Joaquim F.},
  title = {Learning to Classify Ordinal Data: The Data Replication Method},
  journal = {Journal of Machine Learning Research},
  publisher = {MIT Press},
  year = {2007},
  volume = {8},
  pages = {1393--1429}
}

@inproceedings{chaj_ue98,
  author = {Chajewska, Urszula and Getoor, Lise and Norman, Joseph and Shahar, Yuval},
  title = {Utility Elicitation as a classification problem},
  booktitle = {Proceedings of the 14th Conference on Uncertainty in AI (UAI-98)},
  editor = {Cooper, G. F. and Moral, S.},
  year = {1998},
  pages = {79--88}
}

@inproceedings{chaj_la01,
  author = {Chajewska, Urszula and Koller, Daphne and Ormoneit, Dirk},
  title = {Learning an Agent's Utility Function by Observing Behavior},
  booktitle = {Proceedings of the 18th International Conference on Machine Learning (ICML-01)},
  year = {2001},
  pages = {35--42}
}

@inproceedings{chaj_mr00,
  author = {Chajewska, Urszula and Koller, Daphne and Parr, Ronald},
  title = {Making Rational Decisions Using Adaptive Utility Elicitation},
  booktitle = {Proceedings of the 17th National Conference on Artificial Intelligence (AAAI-00)},
  year = {2000},
  pages = {363-369}
}

@inproceedings{chaj_dt99,
  author = {Chajewska, Urszula and Kuppermann, M. and Koller, Daphne},
  title = {Discovering the Structure of Utility Functions Based on Additive and Conditionally Additive Independence Properties Between Utility Attributes},
  booktitle = {Proceedings of the 21st Annual Meeting of the Society for Medical Decision Making (MDM-99)},
  year = {1999}
}

@article{RankSVM-EfficientAlgorithms,
  author = {Chapelle, Olivier and Keerthi, S. Sathiya},
  title = {Efficient algorithms for ranking with SVMs},
  journal = {Information Retrieval},
  year = {2010},
  volume = {13},
  number = {3},
  pages = {201--215},
  doi = {http://dx.doi.org/10.1007/s10791-009-9109-9}
}

@article{DBLP:journals/ir/ChapelleW10,
  author = {Chapelle, Olivier and Wu, Mingrui},
  title = {Gradient descent optimization of smoothed information retrieval metrics},
  journal = {Inf. Retr.},
  year = {2010},
  volume = {13},
  number = {3},
  pages = {216-235},
  doi = {http://dx.doi.org/10.1007/s10791-009-9110-3}
}

@article{DBLP:journals/ir/ChenXYXWC10,
  author = {Chen, Depin and Xiong, Yan and Yan, Jun and Xue, Gui-Rong and Wang, Gang and Chen, Zheng},
  title = {Knowledge transfer for cross domain learning to rank},
  journal = {Inf. Retr.},
  year = {2010},
  volume = {13},
  number = {3},
  pages = {236-253},
  doi = {http://dx.doi.org/10.1007/s10791-009-9111-2}
}

@inproceedings{jf:ECML-PKDD-11,
  author = {Cheng, Weiwei and F{\"{u}}rnkranz, Johannes and H{\"{u}}llermeier, Eyke and Park, Sang-Hyeun},
  title = {Preference-Based Policy Iteration: Leveraging Preference Learning for Reinforcement Learning},
  booktitle = {Proceedings of the 22nd European Conference on Machine Learning and Principles and Practice of Knowledge Discovery in Databases (ECML PKDD 2011, Athens, Greece), Part I},
  editor = {Gunopulos, Dimitrios and Hofmann, Thomas and Malerba, Donato and Vazirgiannis, Michalis},
  publisher = {Springer},
  year = {2011},
  pages = {312--327},
  url = {http://www.ke.informatik.tu-darmstadt.de/publications/papers/ECML-PKDD-11.pdf}
}

@inproceedings{PredictingPartialOrders,
  author = {Cheng, Weiwei and Rademaker, Micha{\"{e}}l and Baets, Bernard De and H{\"{u}}llermeier, Eyke},
  title = {Predicting Partial Orders: Ranking with Abstention},
  booktitle = {Proceedings of the European Conference on Machine Learning and Knowledge Discovery in Databases (ECML/PKDD-10), Part I},
  editor = {Balc{\'{a}}zar, Jos{\'{e}} L. and Bonchi, Francesco and Gionis, Aristides and Sebag, Mich{\`{e}}le},
  publisher = {Springer},
  year = {2010},
  volume = {6321},
  pages = {215--230},
  doi = {http://dx.doi.org/10.1007/978-3-642-15880-3_20}
}

@incollection{plbook:Chevaleyre,
  author = {Chevaleyre, Yann and Koriche, Fr{\'{e}}d{\'{e}}ric and Lang, J{\'{e}}r{\^{o}}me and Megine, J{\'{e}}r{\^{o}}me and Zanuttini, Bruno},
  title = {Learning Ordinal Preference on Multiattribute Domains: the Case of CP-nets},
  booktitle = {Preference Learning},
  editor = {F{\"{u}}rnkranz, Johannes and H{\"{u}}llermeier, Eyke},
  publisher = {Springer-Verlag},
  year = {2010},
  pages = {273--296},
  url = {http://www.springer.com/978-3-642-14124-9},
  doi = {http://dx.doi.org/10.1007/978-3-642-14125-6}
}

@article{OrderThings,
  author = {Cohen, William W. and Schapire, Robert E. and Singer, Yoram},
  title = {Learning to Order Things},
  journal = {Journal of Artificial Intelligence Research},
  year = {1999},
  volume = {10},
  pages = {243--270}
}

@inproceedings{777155,
  author = {Conitzer, Vincent and Sandholm, Tuomas},
  title = {Vote elicitation: complexity and strategy-proofness},
  booktitle = {Eighteenth national conference on Artificial intelligence},
  publisher = {American Association for Artificial Intelligence},
  year = {2002},
  pages = {392--397}
}

@incollection{couc_dm98,
  author = {Couch, James B.},
  title = {Disease Management: An Overview},
  booktitle = {The Health Care Professional's Guide to Disease Management: Patient-Centered Care for the 21st Century},
  publisher = {Aspen Publishers},
  year = {1998}
}

@article{OnlineCategoryRanking,
  author = {Crammer, Koby and Singer, Yoram},
  title = {A Family of Additive Online Algorithms for Category Ranking},
  journal = {Journal of Machine Learning Research},
  year = {2003},
  volume = {3},
  number = {6},
  pages = {1025--1058},
  url = {http://www.jmlr.org/papers/v3/crammer03b.html}
}

@inproceedings{VotingAgainst-2,
  author = {Cutzu, Florin},
  title = {Polychotomous Classification with Pairwise Classifiers: A New Voting Principle},
  booktitle = {Proceedings of the 4th International Workshop on Multiple Classifier Systems},
  publisher = {Springer, Berlin},
  year = {2003},
  pages = {115--124},
  url = {ftp://ftp.cs.indiana.edu/pub/techreports/TR573.pdf}
}

@inproceedings{LogLinearLabelRanking,
  author = {Dekel, Ofer and Manning, Christopher D. and Singer, Yoram},
  title = {Log-Linear Models for Label Ranking},
  booktitle = {Advances in Neural Information Processing Systems (NIPS-03)},
  editor = {Thrun, S. and Saul, L. K. and Sch{\"{o}}lkopf, Bernhard},
  publisher = {MIT Press},
  year = {2004},
  pages = {497--504}
}

@incollection{plbook:Dembczynski,
  author = {Dembczy\'nski, Krzysztof and Kot{\l}owski, Wojciech and S{\l}owiński, Roman and Szelag, Marcin},
  title = {Learning of Rule Ensembles for Multiple Attribute Ranking Problems},
  booktitle = {Preference Learning},
  editor = {F{\"{u}}rnkranz, Johannes and H{\"{u}}llermeier, Eyke},
  publisher = {Springer-Verlag},
  year = {2010},
  pages = {217--247},
  url = {http://www.springer.com/978-3-642-14124-9},
  doi = {http://dx.doi.org/10.1007/978-3-642-14125-6}
}

@inproceedings{Genbase-Data,
  author = {Diplaris, Sotiris and Tsoumakas, Grigorios and Mitkas, Pericles A. and Vlahavas, Ioannis P.},
  title = {Protein Classification with Multiple Algorithms},
  booktitle = {Proceedings of the 10th Panhellenic Conference in Informatics (PCI-05)},
  editor = {Bozanis, Panayiotis and Houstis, Elias N.},
  publisher = {Springer-Verlag},
  year = {2005},
  pages = {448--456}
}

@mastersthesis{ba:Dittmar,
  author = {Dittmar, Denny},
  title = {Ranking von Schach-Evaluationsfunktionen},
  school = {TU Darmstadt, Knowledge Engineering Group},
  year = {2011},
  note = {Bachelor's Thesis},
  url = {http://www.ke.informatik.tu-darmstadt.de/lehre/arbeiten/bachelor/2011/Dittmar_Denny.pdf}
}

@article{Preferences-Prospects,
  author = {Doyle, Jon},
  title = {Prospects for Preferences},
  journal = {Computational Intelligence},
  year = {2004},
  volume = {20},
  number = {2},
  pages = {111--136}
}

@inproceedings{RankAggregation-Web,
  author = {Dwork, Cynthia and Kumara, Ravi and Naor, Moni and Sivakumar, D.},
  title = {Rank Aggregation Methods for the Web},
  booktitle = {Proceedings of the 10th International World Wide Web Conference (WWW-01)},
  year = {2001},
  pages = {613--622}
}

@inproceedings{RankSVM,
  author = {Elisseeff, Andr{\'{e}} and Weston, Jason},
  title = {A Kernel Method for Multi-Labelled Classification},
  booktitle = {Advances in Neural Information Processing Systems},
  editor = {Dietterich, Thomas G. and Becker, Suzanna and Ghahramani, Zoubin},
  publisher = {MIT Press},
  year = {2001},
  volume = {14},
  pages = {681--687},
  url = {http://books.nips.cc/papers/files/nips14/AA45.pdf}
}

@book{FuzzyPreferenceModelling,
  author = {Fodor, J{\'{a}}nos and Roubens, Marc},
  title = {Fuzzy Preference Modelling and Multicriteria Decision Support},
  publisher = {Kluwer Academic Publishers},
  year = {1994}
}

@inproceedings{OrderedClasses-Simple,
  author = {Frank, Eibe and Hall, Mark},
  title = {A Simple Approach to Ordinal Classification},
  booktitle = {Proceedings of the 12th European Conference on Machine Learning (ECML-01)},
  editor = {De Raedt, Luc and Flach, Peter A.},
  publisher = {Springer-Verlag},
  year = {2001},
  pages = {145--156}
}

@techreport{PolychotomousClassification-TR,
  author = {Friedman, Jerome H.},
  title = {Another Approach to Polychotomous Classification},
  year = {1996},
  url = {http://www-stat.stanford.edu/~jhf/ftp/poly.ps.Z}
}

@incollection{plbook:Fuernkranz,
  author = {F{\"{u}}rnkranz, Johannes and H{\"{u}}llermeier, Eyke},
  title = {Preference Learning and Ranking by Pairwise Comparison},
  booktitle = {Preference Learning},
  editor = {F{\"{u}}rnkranz, Johannes and H{\"{u}}llermeier, Eyke},
  publisher = {Springer-Verlag},
  year = {2010},
  pages = {65--82},
  url = {http://www.ke.informatik.tu-darmstadt.de/publications/papers/PLBook-Pairwise.pdf},
  doi = {http://dx.doi.org/10.1007/978-3-642-14125-6}
}

@incollection{plbook:Introduction,
  author = {F{\"{u}}rnkranz, Johannes and H{\"{u}}llermeier, Eyke},
  title = {Preference Learning: An Introduction},
  booktitle = {Preference Learning},
  editor = {F{\"{u}}rnkranz, Johannes and H{\"{u}}llermeier, Eyke},
  publisher = {Springer-Verlag},
  year = {2010},
  pages = {1--17},
  url = {http://www.ke.informatik.tu-darmstadt.de/publications/papers/PLBook-Introduction.pdf},
  doi = {http://dx.doi.org/10.1007/978-3-642-14125-6}
}

@incollection{jf:PreferenceLearning-EncLearningSciences,
  author = {F{\"{u}}rnkranz, Johannes and H{\"{u}}llermeier, Eyke},
  title = {Preference Learning},
  booktitle = {Encyclopedia of the Sciences of Learning},
  editor = {Seel, Norbert M.},
  publisher = {Springer-Verlag},
  year = {2012},
  pages = {986}
}

@article{jf:MLJ-PrefBasedRL,
  author = {F{\"{u}}rnkranz, Johannes and H{\"{u}}llermeier, Eyke and Cheng, Weiwei and Park, Sang-Hyeun},
  title = {Preference-based reinforcement learning: a formal framework and a policy iteration algorithm},
  journal = {Machine Learning},
  year = {2012},
  volume = {89},
  number = {1-2},
  pages = {123--156},
  note = {Special Issue of Selected Papers from ECML PKDD 2011}
}

@article{jf:SigKDDExp,
  author = {F{\"{u}}rnkranz, Johannes and Sima, Jan Frederik},
  title = {On Exploiting Hierarchical Label Structure with Pairwise Classifiers},
  journal = {SIGKDD Explorations},
  year = {2010},
  volume = {12},
  number = {2},
  pages = {21--25},
  note = {Special Issue on Mining Unexpected Results},
  url = {http://www.sigkdd.org/explorations/issues/12-2-2010-12/v12-02-6-UR-Fuernkranz.pdf}
}

@inproceedings{1431570,
  author = {Gelain, Mirco and Pini, Maria Silvia and Rossi, Francesca and Venable, K. Brent and Walsh, Toby},
  title = {Elicitation Strategies for Fuzzy Constraint Problems with Missing Preferences: Algorithms and Experimental Studies},
  booktitle = {CP '08: Proceedings of the 14th international conference on Principles and Practice of Constraint Programming},
  publisher = {Springer-Verlag},
  year = {2008},
  pages = {402--417},
  doi = {http://dx.doi.org/10.1007/978-3-540-85958-1_27}
}

@incollection{plbook:Gemmis,
  author = {Gemmis, Marco de and Iaquinta, Leo and Lops, Pasquale and Musto, Cataldo and Narducci, Fedelucio and Semeraro, Giovanni},
  title = {Learning Preference Models in Recommender Systems},
  booktitle = {Preference Learning},
  editor = {F{\"{u}}rnkranz, Johannes and H{\"{u}}llermeier, Eyke},
  publisher = {Springer-Verlag},
  year = {2010},
  pages = {387--407},
  url = {http://www.springer.com/978-3-642-14124-9},
  doi = {http://dx.doi.org/10.1007/978-3-642-14125-6}
}

@inproceedings{QueryDependentRanking-kNN,
  author = {Geng, Xiubo and Liu, Tie-Yan and Qin, Tao and Arnold, Andrew and Li, Hang and Shum, Heung-Yeung},
  title = {Query Dependent Ranking Using $K$-Nearest Neighbor},
  booktitle = {Proceedings of the 31st Annual International ACM SIGIR Conference on Research and Development in Information Retrieval (SIGIR-08)},
  editor = {Myaeng, S. -H. and Oard, D. W. and Sebastiani, Fabrizio and Chua, T. -S. and Leong, M. -K.},
  publisher = {ACM},
  year = {2008},
  pages = {115-122}
}

@incollection{plbook:Giesen,
  author = {Giesen, Joachim and Mueller, Klaus and Taneva, Bilyana and Zolliker, Peter},
  title = {Choice-Based Conjoint Analysis: Classification vs. Discrete Choice Models},
  booktitle = {Preference Learning},
  editor = {F{\"{u}}rnkranz, Johannes and H{\"{u}}llermeier, Eyke},
  publisher = {Springer-Verlag},
  year = {2010},
  pages = {297--315},
  url = {http://www.springer.com/978-3-642-14124-9},
  doi = {http://dx.doi.org/10.1007/978-3-642-14125-6}
}

@inproceedings{BucketOrders,
  author = {Gionis, Aristides and Mannila, Heikki and Puolam{\"{a}}ki, Kai and Ukkonen, Antti},
  title = {A Randomized Approximation Algorithm for Computing Bucket Orders},
  booktitle = {Proceedings of the 12th ACM SIGKDD International Conference on Knowledge Discovery and Data Mining (KDD-06)},
  editor = {Eliassi-Rad, T. and Ungar, L. H. and Craven, M. and Gunopulos, Dimitrios},
  year = {2006},
  pages = {561--566}
}

@article{GammaCoefficient,
  author = {Goodman, Leo A. and Kruskal, William H.},
  title = {Measures of Association for Cross Classifications},
  journal = {Journal of the American Statistical Association},
  year = {1954},
  volume = {49},
  number = {268},
  pages = {133--145}
}

@article{RankAggregation-FigureSkating,
  author = {Gordon, Stephen and Truchon, Michel},
  title = {Social Choice, Optimal Inference and Figure Skating},
  journal = {Social Choice and Welfare},
  year = {2008},
  volume = {30},
  number = {2},
  pages = {265--284}
}

@article{ELECTRE-GKMS,
  author = {Greco, Salvatore and Kadzinski, Milosz and Mousseau, Vincent and S{\l}owiński, Roman},
  title = {ELECTRE$^{\mbox{GKMS}}$: Robust ordinal regression for outranking methods},
  journal = {European Journal of Operational Research},
  year = {2011},
  volume = {214},
  number = {1},
  pages = {118--135}
}

@article{MCDA-RoughSets,
  author = {Greco, Salvatore and Matarazzo, Benedetto and S{\l}owiński, Roman},
  title = {Rough sets theory for multicriteria decision analysis},
  journal = {European Journal of Operational Research},
  year = {2001},
  volume = {129},
  number = {1},
  pages = {1--47}
}

@article{ha_so03,
  author = {Ha, Vu and Haddawy, Peter},
  title = {Similarity of Personal Preferences: {T}heoretical Foundations and Empirical Analysis},
  journal = {Artificial Intelligence},
  year = {2003},
  volume = {146},
  pages = {149--173}
}

@article{hadd_pe03,
  author = {Haddawy, Peter and Ha, Vu and Restificar, Angelo and Geisler, Benjamin and Miyamoto, Benjamin},
  title = {Preference Elicitation via Theory Refinement},
  journal = {Journal of Machine Learning Research},
  year = {2003},
  volume = {4},
  pages = {317--337}
}

@inproceedings{ConstraintClassification-2,
  author = {Har-Peled, Sariel and Roth, Dan and Zimak, Dav},
  title = {Constraint Classification for Multiclass Classification and Ranking},
  booktitle = {Advances in Neural Information Processing Systems 15 (NIPS-02)},
  editor = {Becker, S. and Thrun, S. and Obermayer, K.},
  year = {2003},
  pages = {785--792}
}

@inproceedings{ConstraintClassification,
  author = {Har-Peled, Sariel and Roth, Dan and Zimak, Dav},
  title = {Constraint Classification: A New Approach to Multiclass Classification},
  booktitle = {Proceedings of the 13th International Conference on Algorithmic Learning Theory (ALT-02)},
  editor = {Cesa-Bianchi, Nicol{\`{o}} and Numao, M. and Reischuk, R.},
  publisher = {Springer},
  year = {2002},
  pages = {365--379}
}

@inproceedings{hastie98classification,
  author = {Hastie, Trevor and Tibshirani, Robert},
  title = {Classification by Pairwise Coupling},
  booktitle = {Advances in Neural Information Processing Systems},
  editor = {Jordan, Michael I. and Kearns, M. J. and Solla, Sara A.},
  publisher = {MIT Press},
  year = {1998},
  volume = {10},
  pages = {507--513},
  url = {http://www.stanford.edu/~hastie/Papers/nips97.ps}
}

@article{pref:PairwiseCoupling,
  author = {Hastie, Trevor and Tibshirani, Robert},
  title = {Classification by Pairwise Coupling},
  journal = {Annals of Statistics},
  year = {1998},
  volume = {26},
  number = {2},
  pages = {451--471}
}

@inproceedings{Preferences-SVM,
  author = {Herbrich, Ralf and Graepel, Thore and Bollmann-Sdorra, Peter and Obermayer, Klaus},
  title = {Supervised Learning of Preference Relations},
  booktitle = {Proceedings des Fachgruppentreffens Maschinelles Lernen (FGML-98)},
  year = {1998},
  pages = {43--47}
}

@incollection{LargeMargin-OrdinalRegression,
  author = {Herbrich, Ralf and Graepel, Thore and Obermayer, Klaus},
  title = {Large Margin Rank Boundaries for Ordinal Regression},
  booktitle = {Advances in Large Margin Classifiers},
  editor = {Bartlett, P. J. and Sch{\"{o}}lkopf, Bernhard and Schuurmans, D. and Smola, Alexander J.},
  publisher = {MIT Press},
  year = {2000},
  pages = {115--132}
}

@inproceedings{TrueSkill,
  author = {Herbrich, Ralf and Minka, Tom and Graepel, Thore},
  title = {TrueSkill$^{\mbox{TM}}$: A Bayesian Skill Rating System},
  booktitle = {Advances in Neural Information Processing Systems 19 (NIPS-06)},
  editor = {Sch{\"{o}}lkopf, Bernhard and Platt, John C. and Hoffman, T.},
  publisher = {MIT Press},
  year = {2007},
  pages = {569--576},
  url = {http://books.nips.cc/papers/files/nips19/NIPS2006_0688.pdf}
}

@article{hsu01comparison,
  author = {Hsu, Chih-Wei and Lin, Chih-Jen},
  title = {A Comparison of Methods for Multi-class Support Vector Machines},
  journal = {IEEE Transactions on Neural Networks},
  year = {2002},
  volume = {13},
  number = {2},
  pages = {415--425},
  url = {http://www.csie.ntu.edu.tw/~cjlin/papers/multisvm.pdf}
}

@article{OrderedClasses-Utility,
  author = {H{\"{u}}hn, Jens C. and H{\"{u}}llermeier, Eyke},
  title = {Is an ordinal class structure useful in classifier learning?},
  journal = {International Journal on Data Mining, Modelling and Management},
  year = {2008},
  volume = {1},
  number = {1},
  pages = {45--67},
  doi = {http://dx.doi.org/10.1504/ijdmmm.2008.022537}
}

@article{ValuedPreferenceStructures,
  author = {H{\"{u}}llermeier, Eyke and Brinker, Klaus},
  title = {Learning Valued Preference Structures for Solving Classification Problems},
  journal = {Fuzzy Sets and Systems},
  year = {2008},
  volume = {159},
  number = {18},
  pages = {2337--2352},
  url = {http://www.mathematik.uni-marburg.de/~eyke/publications/fss08.pdf}
}

@inproceedings{jf:DS-11-Invited,
  author = {H{\"{u}}llermeier, Eyke and F{\"{u}}rnkranz, Johannes},
  title = {Learning from Label Preferences},
  booktitle = {Proceedings of the 14th International Conference on Discovery Science (DS-11)},
  editor = {Elomaa, Tapio and Hollm{\'{e}}n, Jaakko and Mannila, Heikki},
  publisher = {Springer},
  year = {2011},
  volume = {6926},
  pages = {2--17},
  doi = {http://dx.doi.org/10.1007/978-3-642-24477-3_2}
}

@inproceedings{jf:ALT-11,
  author = {H{\"{u}}llermeier, Eyke and F{\"{u}}rnkranz, Johannes},
  title = {Learning from Label Preferences},
  booktitle = {Proceedings of the 22nd International Conference on Algorithmic Learning Theory (ALT-11)},
  editor = {Kivinen, Jyrki and Szepesv{\`{a}}ri, Csaba and Ukkonen, Esko and Zeugmann, Thomas},
  publisher = {Springer},
  year = {2011},
  volume = {6925},
  pages = {38},
  note = {Extended Abstract},
  doi = {http://dx.doi.org/10.1007/978-3-642-24412-4_5}
}

@article{jf:JCSS,
  author = {H{\"{u}}llermeier, Eyke and F{\"{u}}rnkranz, Johannes},
  title = {On Predictive Accuracy and Risk Minimization in Pairwise Label Ranking},
  journal = {Journal of Computer and System Sciences},
  year = {2010},
  volume = {76},
  number = {1},
  pages = {49--62},
  doi = {http://dx.doi.org/10.1016/j.jcss.2009.05.005}
}

@article{hullermeier10aggregation,
  author = {H{\"{u}}llermeier, Eyke and Vanderlooy, Stijn},
  title = {Combining predictions in pairwise classification: An optimal adaptive voting strategy and its relation to weighted voting.},
  journal = {Pattern Recognition},
  year = {2010},
  volume = {43},
  number = {1},
  pages = {128-142},
  url = {http://www.mathematik.uni-marburg.de/~eyke/publications/PR09draft.pdf},
  doi = {http://dx.doi.org/10.1016/j.patcog.2009.06.013}
}

@inproceedings{CalibratedRankSVM,
  author = {Jiang, Aiwen and Wang, Chunheng and Zhu, Yuanping},
  title = {Calibrated {Rank-SVM} for Multi-Label Image Categorization},
  booktitle = {Proceedings of the 2008 IEEE International Joint Conference on Neural Networks (IJCNN-08)},
  year = {2008},
  pages = {1450--1455}
}

@inproceedings{OptimizingSearchEngines-Clickthrough,
  author = {Joachims, Thorsten},
  title = {Optimizing Search Engines Using Clickthrough Data},
  booktitle = {Proceedings of the 8th ACM SIGKDD International Conference on Knowledge Discovery and Data Mining (KDD-02)},
  publisher = {ACM Press},
  year = {2002},
  pages = {133--142}
}

@inproceedings{Clickthrough-Feedback,
  author = {Joachims, Thorsten and Granka, Laura and Pan, Bing and Hembrooke, Helene and Gay, Geri},
  title = {Accurately Interpreting Clickthrough Data as Implicit Feedback},
  booktitle = {Proceedings of the 28th Annual International ACM Conference on Research and Development in Information Retrieval (SIGIR-05)},
  year = {2005},
  pages = {154--161}
}

@article{JonckheereTerpstra,
  author = {Jonckheere, Aimable Robert},
  title = {A distribution-free k-sample test against ordered alternatives},
  journal = {Biometrika},
  year = {1954},
  volume = {41},
  pages = {133–-145}
}

@article{NDCG,
  author = {J{\"{a}}rvelin, Kalervo and Kek{\"{a}}l{\"{a}}inen, Jaana},
  title = {Cumulated Gain-based Evaluation of {IR} Techniques},
  journal = {ACM Transactions on Information Systems},
  year = {2002},
  volume = {20},
  number = {4},
  pages = {422--446}
}

@book{Preferences-LessIsMore,
  author = {Kaci, Souhila},
  title = {Working with Preferences: Less Is More},
  publisher = {Springer},
  year = {2011}
}

@incollection{plbook:Kamishima-2,
  author = {Kamishima, Toshihiro and Akaho, Shotaro},
  title = {Dimension Reduction for Object Ranking},
  booktitle = {Preference Learning},
  editor = {F{\"{u}}rnkranz, Johannes and H{\"{u}}llermeier, Eyke},
  publisher = {Springer-Verlag},
  year = {2010},
  pages = {203--215},
  url = {http://www.springer.com/978-3-642-14124-9},
  doi = {http://dx.doi.org/10.1007/978-3-642-14125-6}
}

@incollection{SushiData,
  author = {Kamishima, Toshihiro and Akaho, Shotaro},
  title = {Efficient Clustering for Orders},
  booktitle = {Mining Complex Data},
  editor = {Zighed, Djamel A. and Tsumoto, Shusaku and Ras, Zbigniew W. and Hacid, Hakim},
  publisher = {Springer-Verlag},
  year = {2009},
  volume = {165},
  pages = {261--279}
}

@incollection{plbook:Kamishima-1,
  author = {Kamishima, Toshihiro and Kazawa, Hideto and Akaho, Shotaro},
  title = {A Survey and Empirical Comparison of Object Ranking Methods},
  booktitle = {Preference Learning},
  editor = {F{\"{u}}rnkranz, Johannes and H{\"{u}}llermeier, Eyke},
  publisher = {Springer-Verlag},
  year = {2010},
  pages = {181--201},
  url = {http://www.springer.com/978-3-642-14124-9},
  doi = {http://dx.doi.org/10.1007/978-3-642-14125-6}
}

@incollection{plbook:Karatzoglou,
  author = {Karatzoglou, Alexandros and Weimer, Markus},
  title = {Collaborative Preference Learning},
  booktitle = {Preference Learning},
  editor = {F{\"{u}}rnkranz, Johannes and H{\"{u}}llermeier, Eyke},
  publisher = {Springer-Verlag},
  year = {2010},
  pages = {409--427},
  url = {http://www.springer.com/978-3-642-14124-9},
  doi = {http://dx.doi.org/10.1007/978-3-642-14125-6}
}

@article{NN-ECOC-Pairwise-SVM,
  author = {Klautau, Aldebaro and Jevti{\'{c}}, Nikola and Orlitsky, Alon},
  title = {On Nearest-Neighbor {ECOC} with Application to All-Pairs Multiclass {SVM}},
  journal = {Journal of Machine Learning Research},
  year = {2003},
  volume = {4},
  pages = {1--15}
}

@incollection{StepwiseNN,
  author = {Knerr, Stefan and Personnaz, L{\'{e}}on and Dreyfus, G{\'{e}}rard},
  title = {Single-Layer Learning Revisited: A Stepwise Procedure for Building and Training a Neural Network},
  booktitle = {Neurocomputing: Algorithms, Architectures and Applications},
  editor = {Fogelman Souli{\'{e}}, F. and H{\'{e}}rault, J.},
  publisher = {Springer-Verlag},
  year = {1990},
  volume = {F68},
  pages = {41--50}
}

@article{StepwiseNN-DigitRecognition,
  author = {Knerr, Stefan and Personnaz, L{\'{e}}on and Dreyfus, G{\'{e}}rard},
  title = {Handwritten Digit Recognition by Neural Networks with Single-Layer Training},
  journal = {IEEE Transactions on Neural Networks},
  year = {1992},
  volume = {3},
  number = {6},
  pages = {962--968}
}

@article{OrderedClasses,
  author = {Kramer, Stefan and Widmer, Gerhard and Pfahringer, Bernhard and DeGroeve, Michael},
  title = {Prediction of Ordinal Classes Using Regression Trees},
  journal = {Fundamenta Informaticae},
  year = {2001},
  volume = {XXI},
  pages = {1001--1013}
}

@incollection{PairwiseClassification,
  author = {Kre{\ss}el, Ulrich H. -G.},
  title = {Pairwise Classification and Support Vector Machines},
  booktitle = {Advances in Kernel Methods: Support Vector Learning},
  editor = {Sch{\"{o}}lkopf, Bernhard and Burges, C. J. C. and Smola, Alexander J.},
  publisher = {MIT Press},
  year = {1999},
  pages = {255--268}
}

@inproceedings{DBLP:conf/ijcai/LangPRVW07,
  author = {Lang, J{\'{e}}r{\^{o}}me and Pini, Maria Silvia and Rossi, Francesca and Venable, Kristen Brent and Walsh, Toby},
  title = {Winner Determination in Sequential Majority Voting},
  booktitle = {IJCAI},
  editor = {Veloso, Manuela M.},
  year = {2007},
  pages = {1372-1377},
  url = {http://dli.iiit.ac.in/ijcai/IJCAI-2007/PDF/IJCAI07-221.pdf}
}

@book{LETOR-Book,
  author = {Liu, Tie-Yan},
  title = {Learning to Rank for Information Retrieval},
  publisher = {Springer},
  year = {2011}
}

@article{LETOR-IR,
  author = {Liu, Tie-Yan},
  title = {Learning to Rank for Information Retrieval},
  journal = {Foundations and Trends in Information Retrieval},
  year = {2009},
  volume = {3},
  number = {3},
  pages = {225--331}
}

@article{DBLP:journals/ir/LiuJLZ10,
  author = {Liu, Tie-Yan and Joachims, Thorsten and Li, Hang and Zhai, Chengxiang},
  title = {Introduction to special issue on learning to rank for information retrieval},
  journal = {Inf. Retr.},
  year = {2010},
  volume = {13},
  number = {3},
  pages = {197-200},
  doi = {http://dx.doi.org/10.1007/s10791-009-9120-1}
}

@article{Binary-Multiclass-Review,
  author = {Lorena, Ana Carolina and de Carvalho, Andr{\'{e}} Carlos Ponce Leon Ferreira and Gama, Jo{\~{a}}o},
  title = {A review on the combination of binary classifiers in multiclass problems},
  journal = {Artificial Intelligence Review},
  year = {2008},
  volume = {30},
  number = {1-4},
  pages = {19--37},
  doi = {http://dx.doi.org/10.1007/s10462-009-9114-9}
}

@inproceedings{loza10pt,
  author = {Loza Menc{\'{\i}}a, Eneldo},
  title = {Multilabel Classification in Parallel Tasks},
  booktitle = {Working Notes of the 2nd International Workshop on Learning from Multi-Label Data at ICML/COLT 2010},
  editor = {Zhang, Min-Ling and Tsoumakas, Grigorios and Zhou, Zhi-Hua},
  year = {2010},
  pages = {29-36},
  url = {http://www.ke.tu-darmstadt.de/publications/papers/loza10mlpt.pdf}
}

@phdthesis{loza2012diss,
  author = {Loza Menc{\'{\i}}a, Eneldo},
  title = {Efficient Pairwise Multilabel Classification},
  school = {Technische Universität Darmstadt, Knowledge Engineering Group},
  year = {2012},
  note = {eingereicht am 10.06.2012, Verteidigung am 24.07.2012},
  url = {http://tuprints.ulb.tu-darmstadt.de/3226/7/loza12diss.pdf}
}

@inproceedings{loza09segmentation,
  author = {Loza Menc{\'{\i}}a, Eneldo},
  title = {Segmentation of legal documents},
  booktitle = {Proceedings of the 12th International Conference on Artificial Intelligence and Law},
  publisher = {ACM},
  year = {2009},
  pages = {88--97},
  url = {http://www.ke.tu-darmstadt.de/publications/papers/loza09segmentation.pdf},
  doi = {http://dx.doi.org/10.1145/1568234.1568245}
}

@mastersthesis{da:Loza,
  author = {Loza Menc{\'{\i}}a, Eneldo},
  title = {Paarweises Lernen von Multilabel-Klassifikationen mit dem Perzeptron-Algorithmus},
  school = {TU Darmstadt, Knowledge Engineering Group},
  year = {2006},
  note = {Diplomarbeit},
  url = {http://www.ke.tu-darmstadt.de/lehre/arbeiten/diplom/2006/Loza_Eneldo.pdf}
}

@incollection{jf:SemanticLaw,
  author = {Loza Menc{\'{\i}}a, Eneldo and F{\"{u}}rnkranz, Johannes},
  title = {Efficient Multilabel Classification Algorithms for Large-Scale Problems in the Legal Domain},
  booktitle = {Semantic Processing of Legal Texts -- Where the Language of Law Meets the Law of Language},
  editor = {Francesconi, Enrico and Montemagni, Simonetta and Peters, Wim and Tiscornia, Daniela},
  publisher = {Springer-Verlag},
  year = {2010},
  volume = {6036},
  pages = {192-215},
  edition = {1},
  note = {accompanying EUR-Lex dataset available at http://www.ke.tu-darmstadt.de/resources/eurlex},
  url = {http://www.ke.tu-darmstadt.de/publications/papers/loza10eurlex.pdf},
  doi = {http://dx.doi.org/10.1007/978-3-642-12837-0_11}
}

@article{jf:Neurocomputing,
  author = {Loza Menc{\'{\i}}a, Eneldo and Park, Sang-Hyeun and F{\"{u}}rnkranz, Johannes},
  title = {Efficient Voting Prediction for Pairwise Multilabel Classification},
  journal = {Neurocomputing},
  year = {2010},
  volume = {73},
  number = {7-9},
  pages = {1164 - 1176},
  url = {http://www.ke.tu-darmstadt.de/publications/papers/neucom10.pdf},
  doi = {http://dx.doi.org/10.1016/j.neucom.2009.11.024}
}

@inproceedings{QueryFeatures,
  author = {Macdonald, Craig and Santos, Rodrygo L. T. and Ounis, Iadh},
  title = {On the usefulness of query features for learning to rank},
  booktitle = {Proceedings of the 21st ACM International Conference on Information and Knowledge Management (CIKM-12)},
  editor = {Chen, Xue-wen and Lebanon, Guy and Wang, Haixun and Zaki, Mohammed J.},
  publisher = {ACM},
  year = {2012},
  pages = {2559--2562}
}

@article{MannWhitney,
  author = {Mann, Henry Berthold and Whitney, Donald Ransom},
  title = {On a test of whether one of two random variables is stochastically larger than the other},
  journal = {Annals of Mathematical Statistics},
  year = {1947},
  volume = {18},
  pages = {50–-60}
}

@book{AnalyzingRankData,
  author = {Marden, John I.},
  title = {Analyzing and Modeling Rank Data},
  publisher = {Chapman & Hall},
  year = {1995}
}

@inproceedings{MultiClass-SVM,
  author = {Mayoraz, Eddy and Alpaydin, Ethem},
  title = {Support Vector Machines for Multi-Class Classification},
  booktitle = {Engineering Applications of Bio-Inspired Artificial Neural Networks: Proceedings of the International Work-Conference on Artificial and Natural Neural Networks (IWANN-99), Volume II},
  editor = {Mira, J. and S{\'{a}}nchez-Andr{\'{e}}s, J. V.},
  publisher = {Springer-Verlag},
  year = {1999},
  pages = {833--842}
}

@inproceedings{PolychotomyDecomposition,
  author = {Mayoraz, Eddy and Moreira, Miguel},
  title = {On the Decomposition of Polychotomies into Dichotomies},
  booktitle = {Proceedings of the 14th International Conference on Machine Learning (ICML-97)},
  publisher = {Morgan Kaufmann},
  year = {1997},
  pages = {219--226}
}

@inproceedings{PairwiseClassification-Correcting,
  author = {Moreira, Miguel and Mayoraz, Eddy},
  title = {Improved Pairwise Coupling Classification with Correcting Classifiers},
  booktitle = {Proceedings of the 10th European Conference on Machine Learning (ECML-98)},
  editor = {N{\'{e}}dellec, C. and Rouveirol, C.},
  publisher = {Springer-Verlag},
  year = {1998},
  pages = {160--171}
}

@mastersthesis{da:Nam,
  author = {Nam, Ge Hyun},
  title = {Ordered Pairwise Classification},
  school = {TU Darmstadt, Knowledge Engineering Group},
  year = {2007},
  note = {Diplom},
  url = {http://www.ke.informatik.tu-darmstadt.de/lehre/arbeiten/diplom/2007/Nam_GeHyun.pdf}
}

@inproceedings{ng_af00,
  author = {Ng, Andrew Y. and Russell, Stuart J.},
  title = {Algorithms for inverse reinforcement learning},
  booktitle = {Proceedings of the 17th International Conference on Machine Learning (ICML-00)},
  editor = {Langley, Pat},
  publisher = {Morgan Kaufmann},
  year = {2000},
  pages = {663--670}
}

@inproceedings{QueryDependentRanking-IR,
  author = {Ni, Weijian and Huang, Yalou and Xie, Maoqiang},
  title = {A Query Dependent Approach to Learning to Rank for Information Retrieval},
  booktitle = {Proceedings of the 9thh International Conference on Web-Age Information Management (WAIM-08)},
  publisher = {IEEE},
  year = {2008},
  pages = {262-269}
}

@mastersthesis{da:Park,
  author = {Park, Sang-Hyeun},
  title = {Effiziente Klassifikation und Ranking mit paarweisen Vergleichen},
  school = {TU Darmstadt, Knowledge Engineering Group},
  year = {2006},
  note = {Diplom},
  url = {http://www.ke.informatik.tu-darmstadt.de/lehre/arbeiten/diplom/2006/Park_Sang-Hyeun.pdf}
}

@article{jf:DAMI,
  author = {Park, Sang-Hyeun and F{\"{u}}rnkranz, Johannes},
  title = {Efficient prediction algorithms for binary decomposition techniques},
  journal = {Data Mining and Knowledge Discovery},
  publisher = {Springer Netherlands},
  year = {2012},
  volume = {24},
  number = {1},
  pages = {40-77},
  url = {http://www.ke.tu-darmstadt.de/publications/papers/dami12.pdf},
  doi = {http://dx.doi.org/10.1007/s10618-011-0219-9}
}

@inproceedings{jf:ICML-10-Games,
  author = {Paulsen, Philip and F{\"{u}}rnkranz, Johannes},
  title = {A Moderately Successful Attempt to Train Chess Evaluation Functions of Different Strengths},
  booktitle = {Proceedings of the ICML-10 Workshop on Machine Learning and Games},
  editor = {Thurau, Christian and Driessens, Kurt and Missura, Olana},
  year = {2010}
}

@techreport{TUD-KE-2010-07,
  author = {Paulsen, Philip and F{\"{u}}rnkranz, Johannes},
  title = {A Moderately Successful Attempt to Train Chess Evaluation Functions of Different Strengths},
  year = {2010},
  number = {TUD-KE-2010-07},
  url = {http://www.ke.tu-darmstadt.de/publications/reports/tud-ke-2010-07.pdf}
}

@inproceedings{DBLP:conf/kr/PiniRVW08,
  author = {Pini, Maria Silvia and Rossi, Francesca and Venable, Kristen Brent and Walsh, Toby},
  title = {Dealing with Incomplete Agents' Preferences and an Uncertain Agenda in Group Decision Making via Sequential Majority Voting},
  booktitle = {KR},
  editor = {Brewka, Gerhard and Lang, J{\'{e}}r{\^{o}}me},
  publisher = {AAAI Press},
  year = {2008},
  pages = {571-578}
}

@inproceedings{DBLP:conf/ijcai/PiniRVW07,
  author = {Pini, Maria Silvia and Rossi, Francesca and Venable, Kristen Brent and Walsh, Toby},
  title = {Incompleteness and Incomparability in Preference Aggregation},
  booktitle = {IJCAI},
  editor = {Veloso, Manuela M.},
  year = {2007},
  pages = {1464-1469},
  url = {http://dli.iiit.ac.in/ijcai/IJCAI-2007/PDF/IJCAI07-236.pdf}
}

@inproceedings{pairwiseDAGs,
  author = {Platt, John C. and Cristianini, Nello and Shawe-Taylor, John},
  title = {Large Margin DAGs for Multiclass Classification},
  booktitle = {Advances in Neural Information Processing Systems 12 (NIPS-99)},
  editor = {Solla, Sara A. and Leen, Todd K. and M{\"{u}}ller, Klaus Robert},
  publisher = {MIT Press},
  year = {2000},
  pages = {547--553},
  url = {http://lara.enm.bris.ac.uk/cig/gzipped/2000/dagsvm.ps.gz}
}

@inproceedings{PairwiseNN-Probabilistic,
  author = {Price, David and Knerr, Stefan and Personnaz, L{\'{e}}on and Dreyfus, G{\'{e}}rard},
  title = {Pairwise Neural Network Classifiers with Probabilistic Outputs},
  booktitle = {Advances in Neural Information Processing Systems 7 (NIPS-94)},
  editor = {Tesauro, Gerald and Touretzky, D. and Leen, Todd K.},
  publisher = {MIT Press},
  year = {1994},
  volume = {7},
  pages = {1109--1116},
  url = {http://www.neurones.espci.fr/Articles_PS/knerr.pdf}
}

@inproceedings{Clickthrough-QueryChains,
  author = {Radlinski, Filip and Joachims, Thorsten},
  title = {Learning to Rank from Implicit Feedback},
  booktitle = {Proceedings of the ACM Conference on Knowledge Discovery and Data Mining (KDD-05)},
  year = {2005},
  pages = {239--248}
}

@incollection{plbook:Radlinski,
  author = {Radlinski, Filip and Kurup, Madhu and Joachims, Thorsten},
  title = {Evaluating Search Engine Relevance with Click-Based Metrics},
  booktitle = {Preference Learning},
  editor = {F{\"{u}}rnkranz, Johannes and H{\"{u}}llermeier, Eyke},
  publisher = {Springer-Verlag},
  year = {2010},
  pages = {337--361},
  url = {http://www.springer.com/978-3-642-14124-9},
  doi = {http://dx.doi.org/10.1007/978-3-642-14125-6}
}

@inproceedings{KPartiteRanking,
  author = {Rajaram, Shyamsundar and Agarwal, Shivani},
  title = {Generalization Bounds for $k$-Partite Ranking},
  booktitle = {Proceedings of the NIPS 2005 Workshop on Learning to Rank},
  editor = {Agarwal, Shivani and Cortes, C. and Herbrich, R.},
  year = {2005},
  pages = {28--23}
}

@article{riec_pv00,
  author = {Riecken, Doug},
  title = {Perzonalized Views of Personalization},
  journal = {Communications of the ACM},
  year = {2000},
  volume = {43},
  number = {8},
  pages = {26--29}
}

@article{OneAgainstAll-Defense,
  author = {Rifkin, Ryan and Klautau, Aldebaro},
  title = {In Defense of One-Vs-All Classification},
  journal = {Journal of Machine Learning Research},
  year = {2004},
  volume = {5},
  pages = {101--141},
  url = {http://jmlr.csail.mit.edu/papers/v5/rifkin04a.html}
}

@book{Preferences-ShortIntro,
  author = {Rossi, Francesca and Venable, Kristen Brent and Walsh, Toby},
  title = {A Short Introduction to Preferences: Between Artificial Intelligence and Social Choice},
  publisher = {Morgan & Claypool Publishers},
  year = {2011}
}

@inproceedings{PairwiseCoupling-JapaneseCR,
  author = {Roth, Volker and Tsuda, Koji},
  title = {Pairwise Coupling for Machine Recognition of Hand-Printed Japanese Characters},
  booktitle = {Proceedings of the 2001 IEEE Computer Society Conference on Computer Vision and Pattern Recognition (CVPR-01)},
  publisher = {IEEE Computer Society},
  year = {2001},
  pages = {1120--1125},
  url = {http://doi.ieeecomputersociety.org/10.1109/CVPR.2001.990656}
}

@inproceedings{InverseRL-PreferenceElicitation,
  author = {Rothkopf, Constantin A. and Dimitrakakis, Christos},
  title = {Preference Elicitation and Inverse Reinforcement Learning},
  booktitle = {Proceedings of the European Conference on Machine Learning and Knowledge Discovery in Databases (ECML-PKDD-11), Part III},
  editor = {Gunopulos, Dimitrios and Hofmann, Thomas and Malerba, Donato and Vazirgiannis, Michalis},
  publisher = {Springer},
  year = {2011},
  volume = {6913},
  pages = {34--48},
  doi = {http://dx.doi.org/10.1007/978-3-642-23808-6_3}
}

@article{AnalyticHierarchyProcess-PairwiseComparisons,
  author = {Saaty, Thomas L.},
  title = {Relative Measurement and its Generalization in Decision Making: Why Pairwise Comparisons are Central in Mathematics for the Measurement of Intangible Factors -- The Analytic Hierarchy/Network Process},
  journal = {Revista de la Real Academia de Ciencias Exactas, Fsicas y Naturales. Serie A: Matemáticas (RACSAM)},
  year = {2008},
  volume = {102},
  number = {2},
  pages = {251--318},
  url = {http://www.rac.es/ficheros/doc/00576.PDF}
}

@book{AnalyticHierarchyProcess,
  author = {Saaty, Thomas L.},
  title = {Decision Making for Leaders: The Analytic Hierarchy Process for Decisions in a Complex World},
  publisher = {RWS Publications},
  year = {1999}
}

@inproceedings{SVM-SpeakerIdentification-2,
  author = {Schmidt, Michael S.},
  title = {Identifying Speakers with Support Vector Networks},
  booktitle = {Proceedings of the 28th Symposium on the Interface (INTERFACE-96)},
  year = {1996},
  url = {http://www.stat.uga.edu/~lynne/symposium/paper1i3.ps.gz}
}

@inproceedings{SVM-SpeakerIdentification,
  author = {Schmidt, Michael S. and Gish, Herbert},
  title = {Speaker Identification via Support Vector Classifiers},
  booktitle = {Proceedings of the 21st IEEE International Conference Conference on Acoustics, Speech, and Signal Processing (ICASSP-96)},
  year = {1996},
  pages = {105--108}
}

@mastersthesis{da:Sima,
  author = {Sima, Jan Frederik},
  title = {Paarweise Hierarchische Klassifikation},
  school = {TU Darmstadt, Knowledge Engineering Group},
  year = {2008},
  note = {Diplom},
  url = {http://www.ke.informatik.tu-darmstadt.de/lehre/arbeiten/diplom/2008/Sima_Jan-Frederik.pdf}
}

@inproceedings{MediaMill-Challenge,
  author = {Snoek, Cees G. M. and Worring, Marcel and van Gemert, Jan C. and Geusebroek, Jan-Mark and Smeulders, Arnold W. M.},
  title = {The Challenge Problem for Automated Detection of 101 Semantic Concepts in Multimedia},
  booktitle = {Proceedings of ACM Multimedia},
  year = {2006},
  pages = {421--430}
}

@article{Spearman,
  author = {Spearman, Charles},
  title = {The Proof and Measurement of Association Between Two Things},
  journal = {American Journal of Psychology},
  year = {1904},
  volume = {15},
  pages = {88--103}
}

@mastersthesis{da:Sulzmann,
  author = {Sulzmann, Jan-Nikolas},
  title = {{Paarweiser Naive Bayes Klassifizierer}},
  school = {TU Darmstadt},
  year = {2006},
  note = {Diplom},
  url = {http://www.ke.informatik.tu-darmstadt.de/lehre/arbeiten/diplom/2006/Sulzmann_Jan-Nikolas.pdf}
}

@inproceedings{jf:DS-11,
  author = {Sulzmann, Jan-Nikolas and F{\"{u}}rnkranz, Johannes},
  title = {Rule Stacking: An Approach for Compressing an Ensemble of Rule Sets into a Single Classifier},
  booktitle = {Proceedings of the 14th International Conference on Discovery Science (DS-11)},
  editor = {Elomaa, Tapio and Hollm{\'{e}}n, Jaakko and Mannila, Heikki},
  publisher = {Springer},
  year = {2011},
  volume = {6926},
  pages = {323--334},
  doi = {http://dx.doi.org/10.1007/978-3-642-24477-3_2}
}

@article{JonckheereTerpstra2,
  author = {Terpstra, T. J.},
  title = {The asymptotic normality and consistency of {Kendall}'s test against trend, when ties are present in one ranking},
  journal = {Indagationes Mathematicae},
  year = {1952},
  volume = {14},
  pages = {327--333}
}

@article{Thurstone,
  author = {Thurstone, Louis Leon},
  title = {A Law of Comparative Judgement},
  journal = {Psychological Review},
  year = {1927},
  volume = {34},
  pages = {278--286},
  url = {http://www.brocku.ca/MeadProject/Thurstone/Thurstone_1929a.html}
}

@book{CollectiveDecisionsAndVoting,
  author = {Tideman, Nicolaus},
  title = {Collective Decisions and Voting: The Potential for Public Choice},
  publisher = {Ashgate Publishing},
  year = {2006}
}

@article{RegressionByClassification,
  author = {Torgo, Lu{\'{\i}}s and Gama, Jo{\~{a}}o},
  title = {Regression Using Classification Algorithms},
  journal = {Intelligent Data Analysis},
  year = {1997},
  volume = {1},
  number = {4}
}

@incollection{plbook:Torra,
  author = {Torra, Vincen{\c c}},
  title = {Learning Aggregation Operators for Preference Modeling},
  booktitle = {Preference Learning},
  editor = {F{\"{u}}rnkranz, Johannes and H{\"{u}}llermeier, Eyke},
  publisher = {Springer-Verlag},
  year = {2010},
  pages = {317--333},
  url = {http://www.springer.com/978-3-642-14124-9},
  doi = {http://dx.doi.org/10.1007/978-3-642-14125-6}
}

@article{tovey:384,
  author = {Tovey, Craig A.},
  title = {Hill Climbing with Multiple Local Optima},
  journal = {SIAM Journal on Algebraic and Discrete Methods},
  publisher = {SIAM},
  year = {1985},
  volume = {6},
  number = {3},
  pages = {384-393},
  url = {http://link.aip.org/link/?SML/6/384/1},
  doi = {http://dx.doi.org/10.1137/0606040}
}

@incollection{plbook:Tsivtsivadze,
  author = {Tsivtsivadze, Evgeni and Pahikkala, Tapio and Boberg, Jorma and Salakoski, Tapio and Heskes, Tom},
  title = {Co-Regularized Least Squares for Label Ranking},
  booktitle = {Preference Learning},
  editor = {F{\"{u}}rnkranz, Johannes and H{\"{u}}llermeier, Eyke},
  publisher = {Springer-Verlag},
  year = {2010},
  pages = {107--123},
  url = {http://www.springer.com/978-3-642-14124-9},
  doi = {http://dx.doi.org/10.1007/978-3-642-14125-6}
}

@article{MultiLabel-Overview,
  author = {Tsoumakas, Grigorios and Katakis, Ioannis},
  title = {Multi-Label Classification: An Overview},
  journal = {International Journal of Data Warehousing and Mining},
  year = {2007},
  volume = {3},
  number = {3},
  pages = {1--17},
  url = {http://lpis.csd.auth.gr/publications/tsoumakas-ijdwm.pdf}
}

@article{BucketOrders-2,
  author = {Ukkonen, Antti and Puolam{\"{a}}ki, Kai and Gionis, Aristides and Mannila, Heikki},
  title = {A Randomized Approximation Algorithm for Computing Bucket Orders},
  journal = {Information Processing Letters},
  year = {2009},
  volume = {109},
  pages = {356--359}
}

@incollection{plbook:Vembu,
  author = {Vembu, Shankar and G{\"{a}}rtner, Thomas},
  title = {Label Ranking Algorithms: A Survey},
  booktitle = {Preference Learning},
  editor = {F{\"{u}}rnkranz, Johannes and H{\"{u}}llermeier, Eyke},
  publisher = {Springer-Verlag},
  year = {2010},
  pages = {45--64},
  url = {http://www.springer.com/978-3-642-14124-9},
  doi = {http://dx.doi.org/10.1007/978-3-642-14125-6}
}

@article{HierarchicalMultilabel,
  author = {Vens, Celine and Struyf, Jan and Schietgat, Leander and D{\v z}eroski, Sa{\v s}o and Blockeel, Hendrik},
  title = {Decision Trees for Hierarchical Multi-Label Classification},
  journal = {Machine Learning},
  year = {2008},
  volume = {73},
  number = {2},
  pages = {185--214},
  url = {https://lirias.kuleuven.be/bitstream/123456789/186698/4/hmc.pdf}
}

@incollection{plbook:Waegeman,
  author = {Waegeman, Willem and De Baets, Bernard},
  title = {A Survey on {ROC}-based Ordinal Regression},
  booktitle = {Preference Learning},
  editor = {F{\"{u}}rnkranz, Johannes and H{\"{u}}llermeier, Eyke},
  publisher = {Springer-Verlag},
  year = {2010},
  pages = {127--154},
  url = {http://www.springer.com/978-3-642-14124-9},
  doi = {http://dx.doi.org/10.1007/978-3-642-14125-6}
}

@inproceedings{ReducingPairwiseToRanking,
  author = {Waegeman, Willem and De Baets, Bernard and Boullart, Luc},
  title = {A Graph-theoretic Approach for Reducing One-versus-one Multi-class Classification to Ranking},
  booktitle = {Proceedings of the 6th International Workshop on Mining and Learning with Graphs (MLG-08)},
  editor = {Kaski, S. and Vishwanathan, S. V. N. and Wrobel, Stefan},
  year = {2008}
}

@article{wang_an94,
  author = {Wang, Jun},
  title = {Artificial Neural Networks versus Natural Neural Networks: {A} Connectionist Paradigm for Preference Assessment},
  journal = {Decision Support Systems},
  year = {1994},
  volume = {11},
  pages = {415--429}
}

@inproceedings{cwIDA13,
  author = {Wirth, Christian and F{\"{u}}rnkranz, Johannes},
  title = {A Policy Iteration Algorithm for Learning from Preference-based Feedback},
  booktitle = {Proceedings of the Twelfth International Symposium on Intelligent Data Analysis (IDA 2013)},
  publisher = {IOPress},
  year = {2013},
  note = {(accepted)}
}

@inproceedings{TrajBasedActionPrefs,
  author = {Wirth, Christian and F{\"{u}}rnkranz, Johannes},
  title = {Learning from Trajectory-Based Action Preferences},
  booktitle = {Proceedings of the ICRA 2013 Workshop on Autonomous Learning},
  year = {2013},
  note = {To be published}
}

@mastersthesis{da:wissenbach,
  author = {Wissenbach, Moritz},
  title = {Object Feature Coding: A Decomposition Framework Unifying Object and Label Ranking},
  school = {Knowledge Engineering Group, TU Darmstadt},
  year = {2010},
  url = {http://www.ke.tu-darmstadt.de/lehre/arbeiten/diplom/2010/Wissenbach_Moritz.pdf}
}

@article{DBLP:journals/ir/WuBSG10,
  author = {Wu, Qiang and Burges, Christopher J. C. and Svore, Krysta Marie and Gao, Jianfeng},
  title = {Adapting boosting for information retrieval measures},
  journal = {Inf. Retr.},
  year = {2010},
  volume = {13},
  number = {3},
  pages = {254-270},
  doi = {http://dx.doi.org/10.1007/s10791-009-9112-1}
}

@article{PairwiseCoupling-Estimates,
  author = {Wu, Ting-Fan and Lin, Chih-Jen and Weng, Ruby C.},
  title = {Probability Estimates for Multi-class Classification by Pairwise Coupling},
  journal = {Journal of Machine Learning Research},
  year = {2004},
  volume = {5},
  pages = {975--1005},
  url = {http://www.jmlr.org/papers/volume5/wu04a/wu04a.pdf}
}

@incollection{plbook:Yaman,
  author = {Yaman, Fusun and Walsh, Thomas J. and Littman, Michael L. and desJardins, Marie},
  title = {Learning Lexicographic Preference Models},
  booktitle = {Preference Learning},
  editor = {F{\"{u}}rnkranz, Johannes and H{\"{u}}llermeier, Eyke},
  publisher = {Springer-Verlag},
  year = {2010},
  pages = {251--272},
  url = {http://www.springer.com/978-3-642-14124-9},
  doi = {http://dx.doi.org/10.1007/978-3-642-14125-6}
}

@article{DBLP:journals/ir/YilmazR10,
  author = {Yilmaz, Emine and Robertson, Stephen},
  title = {On the choice of effectiveness measures for learning to rank},
  journal = {Inf. Retr.},
  year = {2010},
  volume = {13},
  number = {3},
  pages = {271-290},
  doi = {http://dx.doi.org/10.1007/s10791-009-9116-x}
}

@incollection{plbook:Yu,
  author = {Yu, Philip L. H. and Wan, W. M. and Lee, Paul H.},
  title = {Decision Tree Modeling for Ranking Data},
  booktitle = {Preference Learning},
  editor = {F{\"{u}}rnkranz, Johannes and H{\"{u}}llermeier, Eyke},
  publisher = {Springer-Verlag},
  year = {2010},
  pages = {83--106},
  url = {http://www.springer.com/978-3-642-14124-9},
  doi = {http://dx.doi.org/10.1007/978-3-642-14125-6}
}

@incollection{plbook:Zhang,
  author = {Zhang, Jianping and Bala, Jerzy W. and Hadjarian, Ali and Han, Brent},
  title = {Ranking Cases with Classification Rules},
  booktitle = {Preference Learning},
  editor = {F{\"{u}}rnkranz, Johannes and H{\"{u}}llermeier, Eyke},
  publisher = {Springer-Verlag},
  year = {2010},
  pages = {155--177},
  url = {http://www.springer.com/978-3-642-14124-9},
  doi = {http://dx.doi.org/10.1007/978-3-642-14125-6}
}

@proceedings{DBLP:conf/kr/2008,
  title = {Principles of Knowledge Representation and Reasoning: Proceedings of the Eleventh International Conference, KR 2008, Sydney, Australia, September 16-19, 2008},
  booktitle = {KR},
  editor = {Brewka, Gerhard and Lang, J{\'{e}}r{\^{o}}me},
  publisher = {AAAI Press},
  year = {2008}
}

@proceedings{jf:PL-12,
  title = {Proceedings of the ECAI-12 Workshop on Preference Learning: Problems and Applications in AI (PL-12)},
  editor = {F{\"{u}}rnkranz, Johannes and H{\"{u}}llermeier, Eyke},
  year = {2012},
  url = {http://www.ke.tu-darmstadt.de/events/PL-12/PL12-Proceedings.pdf}
}

@book{plbook,
  title = {Preference Learning},
  editor = {F{\"{u}}rnkranz, Johannes and H{\"{u}}llermeier, Eyke},
  publisher = {Springer-Verlag},
  year = {2010},
  url = {http://www.springer.com/978-3-642-14124-9},
  doi = {http://dx.doi.org/10.1007/978-3-642-14125-6}
}

@proceedings{DBLP:conf/ijcai/2007,
  title = {IJCAI 2007, Proceedings of the 20th International Joint Conference on Artificial Intelligence, Hyderabad, India, January 6-12, 2007},
  booktitle = {IJCAI},
  editor = {Veloso, Manuela M.},
  year = {2007}
}

@proceedings{zhang10mlworkshop,
  title = {Working Notes of the 2nd International Workshop on Learning from Multi-Label Data at ICML/COLT 2010},
  booktitle = {MLD'10},
  editor = {Zhang, Min-Ling and Tsoumakas, Grigorios and Zhou, Zhi-Hua},
  year = {2010},
  url = {http://cse.seu.edu.cn/conf/MLD10/files/MLD'10.pdf}
}

@article{1263577,
  title = {New results on error correcting output codes of kernel machines},
  journal = {Neural Networks, IEEE Transactions on},
  year = {2004},
  volume = {15},
  number = {1},
  pages = {45--54},
  doi = {http://dx.doi.org/10.1109/tnn.2003.820841}
}


